@article{Dell2010Mita,
    title = {{ The Persistent Effects of Peru's Mining Mita }},
    year = {2010},
    journal = {Econometrica},
    author = {Dell, Melissa},
    number = {6},
    volume = {78},
    doi = {10.3982/ecta8121},
    issn = {0012-9682}
}

@article{Tobler1970ARegion,
    title = {{A Computer Movie Simulating Urban Growth in the Detroit Region}},
    year = {1970},
    journal = {Economic Geography},
    author = {Tobler, W. R.},
    volume = {46},
    doi = {10.2307/143141},
    issn = {00130095}
}

@article{Glaeser2004DoGrowth,
    title = {{Do institutions cause growth?}},
    year = {2004},
    journal = {Journal of Economic Growth},
    author = {Glaeser, Edward L. and La Porta, Rafael and Lopez-de-Silanes, Florencio and Shleifer, Andrei},
    number = {3},
    volume = {9},
    doi = {10.1023/B:JOEG.0000038933.16398.ed},
    issn = {13814338}
}

@incollection{Engerman1997FactorsEconomies,
    title = {{Factors Endowments, Institutions, and Differential Paths of Growth Among New World Economies}},
    year = {1997},
    booktitle = {How Latin America Fell Behind},
    author = {Engerman, S and {Sokoloff K}},
    editor = {Haber, S},
    pages = {260--304},
    publisher = {Stanford University Press},
    address = {Stanford}
}

@misc{Banerjee2005HistoryIndia,
    title = {{History, institutions, and economic performance: The legacy of colonial land tenure systems in India}},
    year = {2005},
    booktitle = {American Economic Review},
    author = {Banerjee, Abhijit and Iyer, Lakshmi},
    number = {4},
    volume = {95},
    doi = {10.1257/0002828054825574},
    issn = {00028282}
}

@article{Saignes1984Las1595-1665,
    title = {{Las etnias de Charcas frente al sistema colonial (Siglo XVII): Ausentismo y fugas en el debate sobre la mano de obra ind{\'{i}}gena, 1595-1665}},
    year = {1984},
    journal = {Jahrbuchfr Geschichte (JAS)},
    author = {Saignes, T},
    pages = {27--75},
    volume = {21}
}

@article{Moran1950NotesPhenomena,
    title = {{Notes on Continuous Stochastic Phenomena}},
    year = {1950},
    journal = {Biometrika},
    author = {Moran, P. A. P.},
    number = {1/2},
    volume = {37},
    doi = {10.2307/2332142},
    issn = {00063444}
}

@book{Morner1978PerfilColoni,
    title = {{Perfil de la sociedad rural del Cuzco a fines de la coloni}},
    year = {1978},
    author = {Morner, C},
    publisher = {Universidad del Pacifico},
    address = {Lima}
}

@article{Acemoglu2002ReversalDistribution,
    title = {{Reversal of fortune: Geography and institutions in the making of the modern world income distribution}},
    year = {2002},
    journal = {Quarterly Journal of Economics},
    author = {Acemoglu, Daron and Johnson, Simon and Robinson, James A.},
    number = {4},
    volume = {117},
    doi = {10.1162/003355302320935025},
    issn = {00335533}
}

@article{AmatYJunient1947Sevilla:Americano,
    title = {{Sevilla: Escuela de Estudios Hispano- Americano}},
    year = {1947},
    journal = {Memoria de Gobierno},
    author = {Amat Y Junient, M}
}

@article{Acemoglu2001TheInvestigation,
    title = {{The colonial origins of comparative development: An empirical investigation}},
    year = {2001},
    journal = {American Economic Review},
    author = {Acemoglu, Daron and Johnson, Simon and Robinson, James A.},
    number = {5},
    volume = {91},
    doi = {10.1257/aer.91.5.1369},
    issn = {00028282}
}

@article{Angrist2010TheEconometrics,
    title = {{The credibility revolution in empirical economics: How better research design is taking the con out of econometrics}},
    year = {2010},
    journal = {Journal of Economic Perspectives},
    author = {Angrist, Joshua D. and Pischke, JÃ¶rn Steffen},
    number = {2},
    volume = {24},
    doi = {10.1257/jep.24.2.3},
    issn = {08953309}
}

@article{Nunn2008TheTrades,
    title = {{The Long Term Effects of Africa{\{}{\textbackslash}textquoteright{\}}s Slave Trades}},
    year = {2008},
    journal = {Quarterly Journal of Economics},
    author = {Nunn, Nathan},
    number = {1},
    volume = {123}
}

@article{Kelly2019ThePersistence,
    title = {{The Standard Errors of Persistence}},
    year = {2019},
    journal = {SSRN Electronic Journal},
    author = {Kelly, Morgan},
    doi = {10.2139/ssrn.3398303}
}

@article{Kelly2020UnderstandingPersistence,
    title = {{Understanding Persistence}},
    year = {2020},
    journal = {Cper},
    author = {Kelly, Morgan}
}